  @inbook{Clifford_Crawford,
    title={Chapter 17 - The Invertebrate Community of Ephemeral Waters}, 
    address={New York}, 
    ISBN={978-3-642-85796-6}, 
    booktitle={Biology of Desert Invertebrates}, 
    author={Crawford, Clifford S.},
    publisher={Springer-Verlag}, 
    year={1981}, 
    pages={234–247} }

 @inbook{Whitford_Duval_2020, 
  title={Chapter 8 - Consumers and Their Effects}, 
  ISBN={978-0-12-815055-9}, 
  url={https://www.sciencedirect.com/science/article/pii/B9780128150559000084}, 
  DOI={10.1016/B978-0-12-815055-9.00008-4},
  publisher={Academic Press}, 
  author={Whitford, Walter G. and Duval, Benjamin D.}, 
  editor={Whitford, Walter G. and Duval, Benjamin D.}, 
  year={2020}, 
  month=jan, 
  pages={203–263} }

 @article{Tran_Menenti_Jia_2022, 
  title={Surface Water Mapping and Flood Monitoring in the Mekong Delta Using Sentinel-1 SAR Time Series and Otsu Threshold}, 
  volume={14}, 
  ISSN={2072-4292}, 
  DOI={10.3390/rs14225721}, 
  number={22}, 
  journal={Remote Sensing}, 
  author={Tran, Khuong H. and Menenti, Massimo and Jia, Li}, 
  year={2022} }

@inbook{GEE_A2.3, 
  edition={1}, 
  title={Chapter A2.3 Surface Water Mapping}, 
  ISBN={978-3-031-26587-7}, 
  url={https://docs.google.com/document/d/12cwzbNXtBQnm5switfL1vlv1stnp5D5gXcQeZMP_iJI/edit?tab=t.0#heading=h.2gd4k88k0hkr}, 
  booktitle={Cloud-Based Remote Sensing with Google Earth Engine: Fundamentals and Applications}, 
  publisher={Springer Cham}, 
  author={K. Markert and G. Donchyts and A. Haag}, 
  editor={Jeffrey A. Cardille and Nick Clinton and Morgan A Crowley and David Saah}, 
  year={2023}, 
  month=may }
 
@article{otsu1975threshold,
  title={A threshold selection method from gray-level histograms},
  author={Otsu, Nobuyuki and others},
  journal={Automatica},
  volume={11},
  number={285-296},
  pages={23--27},
  year={1975}
}

@inbook{Franz_Meyer_2019, 
  title={Chapter 2 - Spaceborne Synthetic Aperture Radar: Principles, Data Access, and Basic Processing Techniques}, 
  DOI={10.25966/nr2c-s697}, 
  booktitle={The SAR Handbook: Comprehensive Methodologies for Forest Monitoring and Biomass Estimation}, 
  author={Franz Meyer}, 
  editor={Flores-Anderson, Africa and Herndon, K. and Thapa, Rajesh and Cherrington, Emil}, 
  year={2019}, 
  month=apr }

